[gd_scene load_steps=9 format=2]

[ext_resource path="res://sprites/squirrel_sprites.tres" type="SpriteFrames" id=1]
[ext_resource path="res://mobs/squirrel.gd" type="Script" id=2]

[sub_resource type="Animation" id=1]
resource_name = "attack"
length = 0.8
tracks/0/type = "method"
tracks/0/path = NodePath("AnimatedSprite")
tracks/0/interp = 1
tracks/0/loop_wrap = true
tracks/0/imported = false
tracks/0/enabled = true
tracks/0/keys = {
"times": PoolRealArray( 0 ),
"transitions": PoolRealArray( 1 ),
"values": [ {
"args": [ "attack", false ],
"method": "play"
} ]
}
tracks/1/type = "method"
tracks/1/path = NodePath("AnimationPlayer")
tracks/1/interp = 1
tracks/1/loop_wrap = true
tracks/1/imported = false
tracks/1/enabled = true
tracks/1/keys = {
"times": PoolRealArray( 0.8 ),
"transitions": PoolRealArray( 1 ),
"values": [ {
"args": [ "stand", -1, 1.0, false ],
"method": "play"
} ]
}
tracks/2/type = "value"
tracks/2/path = NodePath("AnimatedSprite:offset")
tracks/2/interp = 1
tracks/2/loop_wrap = true
tracks/2/imported = false
tracks/2/enabled = true
tracks/2/keys = {
"times": PoolRealArray( 0, 0.5, 0.8 ),
"transitions": PoolRealArray( 0.258816, 1.46409, 1 ),
"update": 0,
"values": [ Vector2( 0, 0 ), Vector2( 12, -12 ), Vector2( 0, 0 ) ]
}

[sub_resource type="Animation" id=2]
resource_name = "dead"
loop = true
tracks/0/type = "value"
tracks/0/path = NodePath("AnimatedSprite:animation")
tracks/0/interp = 1
tracks/0/loop_wrap = true
tracks/0/imported = false
tracks/0/enabled = true
tracks/0/keys = {
"times": PoolRealArray( 0 ),
"transitions": PoolRealArray( 1 ),
"update": 1,
"values": [ "hurt" ]
}

[sub_resource type="Animation" id=3]
tracks/0/type = "value"
tracks/0/path = NodePath("AnimatedSprite:animation")
tracks/0/interp = 1
tracks/0/loop_wrap = true
tracks/0/imported = false
tracks/0/enabled = true
tracks/0/keys = {
"times": PoolRealArray( 0 ),
"transitions": PoolRealArray( 1 ),
"update": 1,
"values": [ "hurt" ]
}
tracks/1/type = "method"
tracks/1/path = NodePath("AnimationPlayer")
tracks/1/interp = 1
tracks/1/loop_wrap = true
tracks/1/imported = false
tracks/1/enabled = true
tracks/1/keys = {
"times": PoolRealArray( 1 ),
"transitions": PoolRealArray( 1 ),
"values": [ {
"args": [ "stand", -1, 1.0, false ],
"method": "play"
} ]
}

[sub_resource type="Animation" id=4]
tracks/0/type = "method"
tracks/0/path = NodePath("AnimatedSprite")
tracks/0/interp = 1
tracks/0/loop_wrap = true
tracks/0/imported = false
tracks/0/enabled = true
tracks/0/keys = {
"times": PoolRealArray( 0 ),
"transitions": PoolRealArray( 1 ),
"values": [ {
"args": [ "stand", false ],
"method": "play"
} ]
}
tracks/1/type = "method"
tracks/1/path = NodePath("AnimationPlayer")
tracks/1/interp = 1
tracks/1/loop_wrap = true
tracks/1/imported = false
tracks/1/enabled = true
tracks/1/keys = {
"times": PoolRealArray( 1 ),
"transitions": PoolRealArray( 1 ),
"values": [ {
"args": [ "walk", -1, 1.0, false ],
"method": "play"
} ]
}

[sub_resource type="Animation" id=5]
tracks/0/type = "method"
tracks/0/path = NodePath("AnimatedSprite")
tracks/0/interp = 1
tracks/0/loop_wrap = true
tracks/0/imported = false
tracks/0/enabled = true
tracks/0/keys = {
"times": PoolRealArray( 0 ),
"transitions": PoolRealArray( 1 ),
"values": [ {
"args": [ "walk", false ],
"method": "play"
} ]
}

[sub_resource type="CapsuleShape2D" id=6]
radius = 8.0
height = 13.0

[node name="Squirrel" type="Node2D"]
script = ExtResource( 2 )

[node name="AnimationPlayer" type="AnimationPlayer" parent="."]
anims/attack = SubResource( 1 )
anims/dead = SubResource( 2 )
anims/hurt = SubResource( 3 )
anims/stand = SubResource( 4 )
anims/walk = SubResource( 5 )
blend_times = [ "hurt", "hurt", 1.0 ]

[node name="HurtTween" type="Tween" parent="."]

[node name="AnimatedSprite" type="AnimatedSprite" parent="."]
frames = ExtResource( 1 )
animation = "hurt"
playing = true

[node name="HitBox" type="Area2D" parent="AnimatedSprite"]
collision_layer = 2

[node name="CollisionShape2D" type="CollisionShape2D" parent="AnimatedSprite/HitBox"]
position = Vector2( 0, 8 )
rotation = 1.5708
shape = SubResource( 6 )

[node name="AttackCooldown" type="Timer" parent="."]
one_shot = true

[connection signal="area_entered" from="AnimatedSprite/HitBox" to="." method="_on_HitBox_area_entered"]
